<record><leader>00000cas a2200000 a 4500</leader><controlfield tag="001">28639236</controlfield><controlfield tag="008">930816d19181930iluwr ne      0    0eng c</controlfield><datafield ind1=" " ind2=" " tag="010"><subfield code="a">sn 93055971 </subfield></datafield><datafield ind1=" " ind2=" " tag="040"><subfield code="a">NVF</subfield><subfield code="b">eng</subfield><subfield code="c">NVF</subfield><subfield code="d">CVF</subfield><subfield code="d">NVF</subfield><subfield code="d">OCLCF</subfield><subfield code="d">OCLCO</subfield></datafield><datafield ind1="1" ind2=" " tag="029"><subfield code="a">AU@</subfield><subfield code="b">000023470258</subfield></datafield><datafield ind1=" " ind2=" " tag="042"><subfield code="a">pcc</subfield></datafield><datafield ind1=" " ind2=" " tag="043"><subfield code="a">n-us-il</subfield></datafield><datafield ind1="0" ind2=" " tag="130"><subfield code="a">Blue Island sun-standard (Blue Island, Ill. : 1918)</subfield></datafield><datafield ind1="1" ind2="0" tag="245"><subfield code="a">Blue Island sun-standard.</subfield></datafield><datafield ind1="3" ind2=" " tag="246"><subfield code="a">Blue Island sun standard</subfield></datafield><datafield ind1=" " ind2=" " tag="260"><subfield code="a">Blue Island, Ill. :</subfield><subfield code="b">John H. Volp,</subfield><subfield code="c">1918-1930.</subfield></datafield><datafield ind1=" " ind2=" " tag="300"><subfield code="a">v.</subfield></datafield><datafield ind1=" " ind2=" " tag="310"><subfield code="a">Weekly</subfield></datafield><datafield ind1="0" ind2=" " tag="362"><subfield code="a">Vol. 42, no. 42 (Oct. 18, 1918)-v. 53, no. 34 (Aug. 21, 1930).</subfield></datafield><datafield ind1=" " ind2=" " tag="580"><subfield code="a">Formed by the union of: Blue Island sun and: Standard (Blue Island, Ill.).</subfield></datafield><datafield ind1=" " ind2=" " tag="580"><subfield code="a">Split into: Suburban star (Blue Island, Ill. : Ridge ed.) and: Suburban star (Blue Island, Ill. : Blue Island ed.).</subfield></datafield><datafield ind1=" " ind2="0" tag="651"><subfield code="a">Blue Island (Ill.)</subfield><subfield code="v">Newspapers.</subfield></datafield><datafield ind1=" " ind2="7" tag="655"><subfield code="a">Newspapers.</subfield><subfield code="2">fast</subfield><subfield code="0">(OCoLC)fst01423814</subfield></datafield><datafield ind1=" " ind2="7" tag="651"><subfield code="a">Illinois</subfield><subfield code="z">Blue Island.</subfield><subfield code="2">fast</subfield><subfield code="0">(OCoLC)fst01217880</subfield></datafield><datafield ind1=" " ind2=" " tag="752"><subfield code="a">United States</subfield><subfield code="b">Illinois</subfield><subfield code="c">Cook</subfield><subfield code="d">Blue Island.</subfield></datafield><datafield ind1="1" ind2="4" tag="780"><subfield code="t">Blue Island sun</subfield><subfield code="w">(DLC)sn 93055970</subfield><subfield code="w">(OCoLC)28639164</subfield></datafield><datafield ind1="1" ind2="4" tag="780"><subfield code="t">Standard (Blue Island, Ill.)</subfield><subfield code="w">(DLC)sn 93055969</subfield><subfield code="w">(OCoLC)28639199</subfield></datafield><datafield ind1="1" ind2="6" tag="785"><subfield code="t">Suburban star (Blue Island, Ill. : Ridge ed.)</subfield><subfield code="w">(DLC)sn 93055976</subfield><subfield code="w">(OLoLC)28639088</subfield></datafield><datafield ind1="1" ind2="6" tag="785"><subfield code="t">Suburban star (Blue Island, Ill. : Blue Island ed.)</subfield><subfield code="w">(DLC)sn 93055972</subfield><subfield code="w">(OCoLC)28641259</subfield></datafield></record>